<record><leader>00000cas a22000007a 4500</leader><controlfield tag="001">12790543</controlfield><controlfield tag="008">851113d18721872inuwr ne      0    0eng d</controlfield><datafield ind1=" " ind2=" " tag="010"><subfield code="a">sn 85048145 </subfield></datafield><datafield ind1=" " ind2=" " tag="040"><subfield code="a">NPI</subfield><subfield code="b">eng</subfield><subfield code="c">NPI</subfield><subfield code="d">OCLCQ</subfield></datafield><datafield ind1=" " ind2=" " tag="042"><subfield code="a">msc</subfield></datafield><datafield ind1="0" ind2=" " tag="130"><subfield code="a">Brookville American (Brookville, Ind. : 1872)</subfield></datafield><datafield ind1="1" ind2="0" tag="245"><subfield code="a">Brookville American.</subfield></datafield><datafield ind1=" " ind2=" " tag="260"><subfield code="a">Brookville, Ind. :</subfield><subfield code="b">M.L. Wilson,</subfield><subfield code="c">1872.</subfield></datafield><datafield ind1=" " ind2=" " tag="300"><subfield code="a">v. :</subfield><subfield code="b">ill. (chiefly advertisements) ;</subfield><subfield code="c">65 cm.</subfield></datafield><datafield ind1=" " ind2=" " tag="310"><subfield code="a">Weekly</subfield></datafield><datafield ind1="0" ind2=" " tag="362"><subfield code="a">Vol. 1, no. 1 (Jan. 4, 1872)-v. 21, no. 42 (Oct. 11, 1872).</subfield></datafield><datafield ind1=" " ind2=" " tag="515"><subfield code="a">Jan. 26, 1872 issue is numbered Vol. 11, no. 4 and Oct. 4, 1872 issue is numbered Vol. 21, no. 41.</subfield></datafield><datafield ind1=" " ind2=" " tag="752"><subfield code="a">United States</subfield><subfield code="b">Indiana</subfield><subfield code="c">Franklin</subfield><subfield code="d">Brookville.</subfield></datafield><datafield ind1="0" ind2="0" tag="780"><subfield code="t">Indiana American (Brookville, Ind. : 1865)</subfield><subfield code="w">(DLC)sn 84023882</subfield></datafield><datafield ind1="0" ind2="0" tag="785"><subfield code="t">Brookville weekly American</subfield><subfield code="w">(DLC)sn 84027283</subfield></datafield></record>